<?xml version="1.0" encoding="UTF-8"?><collection xmlns="http://www.loc.gov/MARC21/slim"><record><leader>00335nam--2200121-i-4500</leader><controlfield tag="001">000018375</controlfield><controlfield tag="002">20161230</controlfield><controlfield tag="005">20161230201032</controlfield><controlfield tag="008">060222s1000------------r-----000-0-eng-d</controlfield><datafield ind1=" " ind2=" " tag="100"><subfield code="a">Dresner, Lawrence</subfield></datafield><datafield ind1=" " ind2=" " tag="245"><subfield code="a">Resonance adsorption in nuclear reactors</subfield></datafield><datafield ind1=" " ind2=" " tag="260"><subfield code="a">London, Pergamon Press, 1960. X + 131 P</subfield></datafield><datafield ind1=" " ind2=" " tag="490"><subfield code="a">Reactor Design Physics</subfield></datafield></record></collection>